@article{GHAFFARIANHOSEINI2013593,
title = "The essence of future smart houses: From embedding ICT to adapting to sustainability principles",
journal = "Renewable and Sustainable Energy Reviews",
volume = "24",
number = "",
pages = "593 - 607",
year = "2013",
note = "",
issn = "1364-0321",
doi = "http://dx.doi.org/10.1016/j.rser.2013.02.032",
url = "http://www.sciencedirect.com/science/article/pii/S1364032113001342",
author = "AmirHosein GhaffarianHoseini and Nur Dalilah Dahlan and Umberto Berardi and Ali GhaffarianHoseini and Nastaran Makaremi",
keywords = "Smart house",
keywords = "Intelligent building design",
keywords = "Smart city",
keywords = "Intelligent technological values"
}

@inproceedings{moraes2001using,
  title={Using the CAN protocol and reconfigurable computing technology for Web-based smart house automation},
  author={Moraes, Fernando and Amory, Alexandre and Calazans, Ney and Bezerra, Eduardo and Petrini, Juracy},
  booktitle={Integrated Circuits and Systems Design, 2001, 14th Symposium on.},
  pages={38--43},
  year={2001},
  organization={IEEE}
}

@inproceedings{fernandes2016security,
  title={Security analysis of emerging smart home applications},
  author={Fernandes, Earlence and Jung, Jaeyeon and Prakash, Atul},
  booktitle={Security and Privacy (SP), 2016 IEEE Symposium on},
  pages={636--654},
  year={2016},
  organization={IEEE}
}

@article{ovadia2014automate,
  title={Automate the internet with “if this then that”(IFTTT)},
  author={Ovadia, Steven},
  journal={Behavioral \& social sciences librarian},
  volume={33},
  number={4},
  pages={208--211},
  year={2014},
  publisher={Taylor \& Francis}
}
